@book{eid2017statistik,
  title     = {Statistik und Forschungsmethoden},
  author    = {Eid, Michael and Gollwitzer, Mario and Schmitt, Manfred},
  year      = {2017},
  publisher = {Beltz}
}

@software{reback2020pandas,
  author    = {The pandas development team},
  title     = {pandas-dev/pandas: Pandas},
  month     = feb,
  year      = 2020,
  publisher = {Zenodo},
  version   = {latest},
  doi       = {10.5281/zenodo.3509134},
  url       = {https://doi.org/10.5281/zenodo.3509134}
}

@book{python,
  author    = {Van Rossum, Guido and Drake, Fred L.},
  title     = {Python 3 Reference Manual},
  year      = {2009},
  isbn      = {1441412697},
  publisher = {CreateSpace},
  address   = {Scotts Valley, CA}
}

@article{matplotlib,
  author    = {Hunter, J. D.},
  title     = {Matplotlib: A 2D graphics environment},
  journal   = {Computing in Science \& Engineering},
  volume    = {9},
  number    = {3},
  pages     = {90--95},
  abstract  = {Matplotlib is a 2D graphics package used for Python for
               application development, interactive scripting, and publication-quality
               image generation across user interfaces and operating systems.},
  publisher = {IEEE COMPUTER SOC},
  doi       = {10.1109/MCSE.2007.55},
  year      = 2007
}


@book{eckstein2006angewandte,
  title     = {Angewandte Statistik mit SPSS: Praktische Einf{\"u}hrung f{\"u}r Wirtschaftswissenschaftler},
  author    = {Eckstein, Peter P},
  year      = {2006},
  publisher = {Springer-Verlag}
}

@misc{kaggle,
  title        = {Apartment rental offers in Germany},
  author       = {Kaggle},
  publisher    = {Kaggle},
  howpublished = {\url{https://www.kaggle.com/corrieaar/apartment-rental-offers-in-germany}}
}

@misc{statista,
  author  = {Statista},
  title   = {Außenumsatz von ImmobilienScout24 in den Jahren 2019 und 2020},
  year    = 2020,
  url     = {https://de.statista.com/statistik/daten/studie/543042/umfrage/umsatz-von-immobilienscout24/},
  urldate = {2021-12-09}
}

@misc{statistarent,
  author  = {Statista},
  title   = {Monatliche Ausgaben privater Haushalte in Deutschland für Wohnungsmieten von 2009 bis 2019},
  year    = 2019,
  url     = {https://de.statista.com/statistik/daten/studie/868734/umfrage/monatliche-mietkosten-privater-haushalte-in-deutschland/},
  urldate = {2021-12-09}
}

@misc{deutschlandinzahlen,
  author  = {Institut der deutschen Wirtschaft Köln Medien GmbH},
  title   = {Immobilienpreisindex: Deutschland in Zahlen},
  year    = 2019,
  url     = {https://www.deutschlandinzahlen.de/tab/deutschland/finanzen/preise/immobilienpreisindex},
  urldate = {2021-12-09}
}

https://www.deutschlandinzahlen.de/tab/deutschland/finanzen/preise/immobilienpreisindex
